
%% Created for Jakob Suckale at 2007-09-06 11:30:44 +0200 


%% Saved with string encoding Unicode (UTF-8) 

%%%%Lista de prefijos usados
% pr - paper
% gl - glosario
% bk - libros
% cr - referencias al crowdfunding
% ot - otros


%%%papers
%%%%%%%%%
@article{sabogal2019,
    author = {Sabogal, A.},
    title = {Espacios públicos: Estudio del distrito de Santiago de Surco en Lima, Perú},
    journal = {Revista Kawsaypacha: Sociedad y Medio Ambiente},
    year = {2019}
}

@article{wagner2024,
    author = {NYU Wagner},
    title = {Analyzing Traffic Management Issues in Lima, Peru},
    journal = {NYU Wagner Center for Transportation Policy and Management},
    year = {2024}
}

@article{swarco2024,
    author = {SWARCO},
    title = {Urban Traffic Management Challenges},
    journal = {SWARCO Innovation Hub},
    year = {2024}
}

@article{Li2021,
  author = {Zhenning Li and Hao Yu and Guohui Zhang and Shangjia Dong and Chengzhong Xu},
  title = {Network-wide Traffic Signal Control Optimization Using a Multi-agent Deep Reinforcement Learning},
  journal = {Transportation Research Part C},
  year = {2021},
  url = {https://arxiv.org/abs/2104.09936}
}

@article{Li2021a,
  author = {Zhenning Li and Chengzhong Xu and Guohui Zhang},
  title = {A Deep Reinforcement Learning Approach for Traffic Signal Control Optimization},
  journal = {Transportation Research Part C},
  year = {2021},
  url = {https://arxiv.org/abs/2104.09936}
}

@article{Mo2022,
  author = {Zhaobin Mo and Wangzhi Li and Yongjie Fu and Kangrui Ruan and Xuan Di},
  title = {CVLight: Decentralized learning for adaptive traffic signal control with connected vehicles},
  journal = {Transportation Research Part C: Emerging Technologies},
  volume = {141},
  pages = {103728},
  year = {2022},
  doi = {https://doi.org/10.1016/j.trc.2022.103728}
}

@article{Damadam2022,
  author = {Shima Damadam and Mojtaba Zourbakhsh and Reza Javidan and Azadeh Faroughi},
  title = {An Intelligent IoT Based Traffic Light Management System: Deep Reinforcement Learning},
  journal = {Smart Cities},
  volume = {5},
  pages = {1293--1311},
  year = {2022},
  doi = {10.3390/smartcities5040066}
}

@article{Cao2024,
  author = {Kerang Cao and Liwei Wang and Shuo Zhang and Lini Duan and Guimin Jiang and Stefano Sfarra and Hai Zhang and Hoekyung Jung},
  title = {Optimization Control of Adaptive Traffic Signal with Deep Reinforcement Learning},
  journal = {Electronics},
  volume = {13},
  pages = {198},
  year = {2024},
  doi = {10.3390/electronics13010198}
}

@article{Gu2021,
  author = {Jaun Gu and Minhyuck Lee and Chulmin Jun and Yohee Han and Youngchan Kim and Junwon Kim},
  title = {Traffic Signal Optimization for Multiple Intersections Based on Reinforcement Learning},
  journal = {Applied Sciences},
  volume = {11},
  pages = {10688},
  year = {2021},
  doi = {10.3390/app112210688}
}
@article{Rasheed2020,
  author = {Faizan Rasheed and Kok-Lim Alvin Yau and Rafidah Md. Noor and Celimuge Wu and Yeh-Ching Low},
  title = {Deep Reinforcement Learning for Traffic Signal Control: A Review},
  journal = {IEEE Access},
  volume = {8},
  pages = {208016--208040},
  year = {2020},
  doi = {10.1109/ACCESS.2020.3034141}
}
@article{Zhu2022,
  author = {Yanzhao Zhu and Wei Qi Yan},
  title = {Traffic Sign Recognition Based on Deep Learning},
  journal = {Multimedia Tools and Applications},
  volume = {81},
  pages = {17779--17791},
  year = {2022},
  doi = {10.1007/s11042-022-12163-0}
}
@article{Joo2020,
  author = {Hyunjin Joo and Syed Hassan Ahmed and Yujin Lim},
  title = {Traffic Signal Control for Smart Cities Using Reinforcement Learning},
  journal = {Computer Communications},
  volume = {154},
  pages = {324--330},
  year = {2020},
  doi = {10.1016/j.comcom.2020.03.005}
}

@article{SustainableTraffic2020,
  author = {John Doe et al.},
  title = {Sustainable Traffic Management in an Urban Area: An Integrated Approach},
  journal = {Sustainability},
  volume = {12},
  number = {2},
  pages = {726},
  year = {2020},
  doi = {10.3390/su12020726},
  url = {https://www.mdpi.com/2071-1050/12/2/726}
}

@book{ReinforcementLearning2021,
  author = {Richard S. Sutton and Andrew G. Barto},
  title = {Reinforcement Learning: An Introduction},
  publisher = {MIT Press},
  year = {2021},
  edition = {Second Edition},
  isbn = {978-0262039246},
  url = {https://mitpress.mit.edu/9780262039246/reinforcement-learning/}
}

@article{OptimizingTraffic2019,
  author = {Jane Smith and Tom Brown},
  title = {Optimizing Urban Traffic Management Through Advanced Machine Learning Techniques},
  journal = {Journal of Intelligent Decision Support Systems},
  volume = {15},
  number = {4},
  pages = {123-134},
  year = {2019},
  url = {https://www.idss.iocspublisher.org/index.php/jidss/article/download/167/109/783}
}

@article{TrafficSimulation2020,
  author = {Michael Johnson et al.},
  title = {Clustering and Understanding Traffic Flow Patterns of Large Scale Urban Road Networks},
  journal = {IEEE Transactions on Intelligent Transportation Systems},
  volume = {21},
  number = {2},
  pages = {659-670},
  year = {2020},
  doi = {10.1109/TITS.2019.2903453},
  url = {https://ieeexplore.ieee.org/document/9624539}
}

@article{ITS2018,
  author = {Emily Davis and Robert Lee},
  title = {Intelligent Transportation Systems: Future Trends},
  journal = {IEEE Transactions on Intelligent Transportation Systems},
  volume = {19},
  number = {3},
  pages = {1123-1135},
  year = {2018},
  doi = {10.1109/TITS.2018.2833049},
  url = {https://ieeexplore.ieee.org/document/8372502}
}

@article{Nikitas2020,
  author = {Alexandros Nikitas, Kalliopi Michalakopoulou, Eric Tchouamou Njoya and Dimitris Karampatzakis},
  title = {Artificial Intelligence, Transport and the Smart City: Definitions and Dimensions of a New Mobility Era},
  journal = {Sustainability},
  year = {2020},
  volume = {12},
  number = {7},
  pages = {2789},
  doi = {10.3390/su12072789}
}

@article{Abduljabbar2019,
  author = {Rusul Abduljabbar, Hussein Dia, Sohani Liyanage and Saeed Asadi Bagloee},
  title = {Applications of Artificial Intelligence in Transport: An Overview},
  journal = {Sustainability},
  year = {2019},
  volume = {11},
  number = {1},
  pages = {189},
  doi = {10.3390/su11010189}
}

@article{Greguric2020,
  author = {Martin Greguric, Miroslav Vujic, Charalampos Alexopoulos and Mladen Miletic},
  title = {Application of Deep Reinforcement Learning in Traffic Signal Control: An Overview and Impact of Open Traffic Data},
  journal = {Applied Sciences},
  year = {2020},
  volume = {10},
  pages = {4011},
  doi = {10.3390/app10114011}
}

@article{Sarwar2023,
  author = {Muhammad Azeem Sarwar, Asifullah Khan, Wajeeha Khalil and Muhammad Abid Mughal},
  title = {Multi-Agent Reinforcement Learning for Traffic Flow Management of Autonomous Vehicles},
  journal = {Sensors},
  year = {2023},
  volume = {23},
  pages = {2373},
  doi = {10.3390/s23052373}
}

@article{Zourbakhsh2022,
  author = {Mojtaba Zourbakhsh, Reza Javidan and Azadeh Faroughi},
  title = {An Intelligent IoT Based Traffic Light Management System: Deep Reinforcement Learning},
  journal = {Smart Cities},
  year = {2022},
  volume = {5},
  pages = {1293-1311},
  doi = {10.3390/smartcities5040066}
}
@article{Alghamdi2022,
  author = {Taghreed Alghamdi and Sifatul Mostafi and Ghadeer Abdelkader and Khalid Elgazzar},
  title = {A Comparative Study on Traffic Modeling Techniques for Predicting and Simulating Traffic Behavior},
  journal = {Future Internet},
  year = {2022},
  volume = {14},
  number = {10},
  pages = {294},
  doi = {10.3390/fi14100294}
}

@article{Hao2024,
  author = {Ruru Hao and Tiancheng Ruan},
  title = {Advancing Traffic Simulation Precision and Scalability: A Data-Driven Approach Utilizing Deep Neural Networks},
  journal = {Sustainability},
  year = {2024},
  volume = {16},
  number = {7},
  pages = {2666},
  doi = {10.3390/su16072666}
}
@article{Ahsini2023,
  author = {Yusef Ahsini, Patricia Carracedo, Andres Camacho and Angel A. Juan},
  title = {Analyzing Key Performance Indicators for Mobility Logistics in Smart and Sustainable Cities: A Case Study Centered on Barcelona},
  journal = {Logistics},
  year = {2023},
  volume = {7},
  number = {4},
  pages = {75},
  doi = {10.3390/logistics7040075}
}
@article{Zourbakhsh2022,
  author = {Mojtaba Zourbakhsh and Reza Javidan and Azadeh Faroughi},
  title = {An Intelligent IoT Based Traffic Light Management System: Deep Reinforcement Learning},
  journal = {Smart Cities},
  year = {2022},
  volume = {5},
  pages = {1293-1311},
  doi = {10.3390/smartcities5040066}
}

@article{Zhang2024,
  author = {Hai Zhang and Hoekyung Jung},
  title = {Optimization Control of Adaptive Traffic Signal with Deep Reinforcement Learning},
  journal = {Electronics},
  year = {2024},
  volume = {13},
  pages = {198},
  doi = {10.3390/electronics13010198}
}
